@book{lesk1975lex,
    title = {Lex: A lexical analyzer generator},
    author = {Lesk, Michael E and Schmidt, Eric},
    volume = {39},
    year = {1975},
    publisher = {Bell Laboratories Murray Hill, NJ}
}

@book{johnson1975yacc,
    title = {Yacc: Yet another compiler-compiler},
    author = {Johnson, Stephen C and others},
    volume = {32},
    year = {1975},
    publisher = {Bell Laboratories Murray Hill, NJ}
}

@online{ply,
    author = {David Beazley},
    title = {PLY (Python Lex-Yacc)},
    year = {2005},
    url = {https://www.dabeaz.com/ply/ply.html},
    urldate = {2025-03-19}
}

@online{sly,
    author = {David Beazley},
    title = {SLY (Sly Lex-Yacc)},
    year = {2016},
    url = {https://sly.readthedocs.io/en/latest/sly.html},
    urldate = {2025-03-19}
}

@online{sly-github,
    author = {David Beazley},
    title = {SLY Github},
    url = {https://github.com/dabeaz/sly},
    urldate = {2025-03-19}
}

@article{boyland2010tool,
    title = {Tool paper: ScalaBison recursive ascent-descent parser generator},
    author = {Boyland, John and Spiewak, Daniel},
    journal = {Electronic Notes in Theoretical Computer Science},
    volume = {253},
    number = {7},
    year = {2010},
    publisher = {Elsevier}
}

@article{moors2008parser,
    title = {Parser combinators in Scala},
    author = {Moors, Adriaan and Piessens, Frank and Odersky, Martin},
    journal = {CW Reports},
    year = {2008},
    publisher = {Department of Computer Science, KU Leuven; Leuven, Belgium}
}

@online{parser-combinators-readme,
    title = {scala-parser-combinators Getting Started},
    url = {https://github.com/scala/scala-parser-combinators/blob/main/docs/Getting_Started.md},
    urldate = {2025-04-04}
}

@article{myltsev2019parboiled2,
    title = {Parboiled2: A macro-based approach for effective generators of parsing expressions grammars in Scala},
    author = {Myltsev, Alexander A},
    journal = {arXiv preprint arXiv:1907.03436},
    year = {2019}
}

@online{fastparse-talk,
    author = {Li Haoyi},
    title = {sfscala.org: Li Haoyi, FastParse: Fast, Programmable, Modern Parser-Combinators in Scala},
    year = {2015},
}

@online{fastparse-docs,
    title = {FastParse Getting Started},
    url = {https://com-lihaoyi.github.io/fastparse/#GettingStarted},
    urldate = {2025-04-04}
}

@online{fastparse-slides,
    author = {Li Haoyi},
    title = {FastParse. Fast, Modern Parser Combinators},
    url = {https://www.lihaoyi.com/post/slides/FastParse.pdf},
    urldate = {2025-04-18}
}

@misc{parr2004s,
    title = {What's ANTLR},
    author = {Parr, Terence and Wells, Peter and Klaren, Ric and Craymer, Loring and Coker, Jim and Stanchfield, Scott and Mitchell, John and Flack, Chapman},
    year = {2004}
}

@online{scala3-staging,
    title = {Runtime Multi-Stage Programming},
    subtitle = {Scala 3 Reference},
    url = {https://docs.scala-lang.org/scala3/reference/metaprogramming/staging.html},
    urldate = {2025-10-25}
}

@online{scala3-metaprogramming,
    title = {Metaprogramming},
    subtitle = {Scala 3 Reference},
    url = {https://docs.scala-lang.org/scala3/reference/metaprogramming.html},
    urldate = {2025-10-25}
}

@online{scala3-dropped-scala2-macros,
    title = {Dropped: Scala 2 Macros},
    subtitle = {Scala 3 Reference},
    url = {https://docs.scala-lang.org/scala3/reference/metaprogramming/migrating/macro-compatibility.html},
    urldate = {2025-10-25}
}

@phdthesis{stucki2020thesis,
    author = {Stucki, Nicolas},
    title = {Scalable Metaprogramming in Scala 3},
    school = {EPFL},
    address = {Lausanne},
    year = {2020}
}

@online{stucki2024infoscience,
    author = {Stucki, Nicolas},
    title = {Scalable Metaprogramming in Scala 3},
    subtitle = {EPFL Infoscience page},
    year = {2024},
    url = {https://infoscience.epfl.ch/entities/publication/6dd02f9b-1f9b-4c9c-9748-ddf1634c1630},
    urldate = {2025-10-25}
}

@inproceedings{stucki2020inlining,
    author = {Stucki, Nicolas and Biboudis, Aggelos and Doeraene, SÃ©bastien and Odersky, Martin},
    title = {Semantics-preserving inlining for metaprogramming},
    booktitle = {Proceedings of the 11th ACM SIGPLAN International Symposium on Scala},
    year = {2020},
    doi = {10.1145/3426426.3428486},
    url = {https://dl.acm.org/doi/10.1145/3426426.3428486}
}

@inproceedings{stucki2021multistage,
    author = {Stucki, Nicolas and Biboudis, Aggelos and Odersky, Martin},
    title = {Multi-stage programming with generative and analytical macros},
    booktitle = {Proceedings of the 12th ACM SIGPLAN International Symposium on Scala},
    year = {2021},
    doi = {10.1145/3486609.3487203},
    url = {https://dl.acm.org/doi/10.1145/3486609.3487203}
}

@inproceedings{stucki2018unification,
    author = {Stucki, Nicolas and Brachth{"a}user, Janek and Odersky, Martin},
    title = {A practical unification of multi-stage programming and macros},
    booktitle = {Proceedings of the 9th ACM SIGPLAN International Symposium on Scala},
    year = {2018},
    doi = {10.1145/3278122.3278139},
    url = {https://dl.acm.org/doi/10.1145/3278122.3278139}
}

@online{scala3-reflection,
    title = {Reflection},
    subtitle = {Scala 3 Reference},
    url = {https://docs.scala-lang.org/scala3/reference/metaprogramming/reflection.html},
    urldate = {2025-10-25}
}

@online{epfl-dotty-reflection,
    title = {Reflection - Scala 3 - EPFL (Dotty docs)},
    url = {https://dotty.epfl.ch/docs/reference/metaprogramming/reflection.html},
    urldate = {2025-10-25}
}

@online{scala3-guides-macros,
    title = {Scala 3 Macros},
    url = {https://docs.scala-lang.org/scala3/guides/macros/macros.html},
    urldate = {2025-10-25}
}

@online{scala3-reference-macros,
    title = {Macros},
    subtitle = {Scala 3 Reference},
    url = {https://docs.scala-lang.org/scala3/reference/metaprogramming/macros.html},
    urldate = {2025-10-25}
}

@online{scala3-guides-quotes,
    title = {Quoted Code | Macros in Scala 3},
    url = {https://docs.scala-lang.org/scala3/guides/macros/quotes.html},
    urldate = {2025-10-25}
}

@online{scala3-guides-reflection,
    title = {Reflection | Macros in Scala 3},
    url = {https://docs.scala-lang.org/scala3/guides/macros/reflection.html},
    urldate = {2025-10-25}
}

@online{dotty-compiler-phases,
    title = {Scala 3 Compiler Phases},
    url = {https://dotty.epfl.ch/docs/internals/phases.html},
    urldate = {2025-10-25}
}

@inproceedings{stucki2021virtual-adts,
    author = {Stucki, Nicolas and others},
    title = {Virtual ADTs for portable metaprogramming},
    booktitle = {Proceedings of the 2021 ACM SIGPLAN International Symposium on Scala},
    year = {2021},
    doi = {10.1145/3475738.3480717},
    url = {https://dl.acm.org/doi/10.1145/3475738.3480717}
}
